@book{Rowling:HarryPotter,
author = {Joanne K. Rowling},
title = {Harry Potter und der Orden des Phoenix},
date = {2003},
translator = {Klaus Fritz},
language = {Deutsch},
origlanguage = {english},
publisher = {Carlsen},
isbn = {3-551-55555-9},
pagetotal = {1021},
}


@book{Papula:Band1,
author = {Lothar Papula},
title = {Mathematik für Ingenieure und Naturwissenschaftler Band 1},
subtitle = {Ein Lehr- und Arbeitsbuch für das Grundstudium},
date = {2011},
language = {german},
edition = {13},
publisher = {Vieweg+Teubner},
isbn = {978-3-8348-1749-5},
}

% Beispieleintrag für einen Sammelband
@collection{test:Sammelband,
editor = {Nachname, Vorname},
title = {Titel},
date = {1991},
edition = {Auflage},
publisher = {Verlag},
location = {Ort},
}

@article{test:Zeitschrift,
author = {Vorname Nachname},
title = {Titel},
journaltitle = {Zeitschrift},
date = {1992},
volume = {22},
number = {1},
}



